<?xml version="1.0" encoding="UTF-8" ?>
<marc:record xmlns:marc="http://www.loc.gov/MARC21/slim">
<marc:leader>00622cas a2200169   4500</marc:leader>
<marc:controlfield tag="001">157572</marc:controlfield>

<marc:controlfield tag="008">890224s1864                        fre  </marc:controlfield>

<marc:datafield tag="035" ind1=" " ind2=" ">
<marc:subfield code="a">(Sirsi) 157572</marc:subfield>
</marc:datafield>

<marc:datafield tag="100" ind1="1" ind2=" ">
<marc:subfield code="a">Lambertye, Leonce de,</marc:subfield>
<marc:subfield code="c">Count</marc:subfield>
</marc:datafield>

<marc:datafield tag="245" ind1="1" ind2="3">
<marc:subfield code="a">Le fraisier :</marc:subfield>
<marc:subfield code="b">sa botanique, son histoire, sa culture /</marc:subfield>
<marc:subfield code="p">ar Le Comte Leonce de Lambertye </marc:subfield>
</marc:datafield>

<marc:datafield tag="260" ind1=" " ind2=" ">
<marc:subfield code="a">Paris :</marc:subfield>
<marc:subfield code="b">Librairie Centrale d'Agriculture et de Jardinage,</marc:subfield>
<marc:subfield code="c">[1864] </marc:subfield>
</marc:datafield>

<marc:datafield tag="300" ind1=" " ind2=" ">
<marc:subfield code="a">392 p. ;</marc:subfield>
<marc:subfield code="c">23 cm. </marc:subfield>
</marc:datafield>

<marc:datafield tag="592" ind1=" " ind2=" ">
<marc:subfield code="a">Scanned for Darwin Library and BHL. </marc:subfield>
</marc:datafield>

<marc:datafield tag="596" ind1=" " ind2=" ">
<marc:subfield code="a">1 </marc:subfield>
</marc:datafield>

<marc:controlfield tag="001">Catkey 59872 </marc:controlfield>

<marc:datafield tag="590" ind1="1" ind2=" ">
<marc:subfield code="a">Itemid 266852 </marc:subfield>
</marc:datafield>

<marc:datafield tag="999" ind1=" " ind2=" ">
<marc:subfield code="a">634.75 LAM</marc:subfield>
<marc:subfield code="w">UDC</marc:subfield>
<marc:subfield code="c">1</marc:subfield>
<marc:subfield code="i">266852</marc:subfield>
<marc:subfield code="d">27/3/1998</marc:subfield>
<marc:subfield code="l">SHELVES</marc:subfield>
<marc:subfield code="m">BOTANY</marc:subfield>
<marc:subfield code="r">Y</marc:subfield>
<marc:subfield code="s">Y</marc:subfield>
<marc:subfield code="t">BOOK</marc:subfield>
<marc:subfield code="u">27/3/1998</marc:subfield>
<marc:subfield code="x">MAIN </marc:subfield>
</marc:datafield>

</marc:record>